@inproceedings{hewitt1973session,
  title={Session 8 Formalisms for Artificial Intelligence A Universal Modular ACTOR Formalism for Artificial Intelligence},
  author={Hewitt, Carl and Bishop, Peter and Steiger, Richard},
  booktitle={Advance Papers of the Conference},
  volume={3},
  pages={235},
  year={1973},
  organization={Stanford Research Institute}
}
   
    
    
@phdthesis{Agha1985ActorsSystems,
    title = {{Actors A Model of Concurrent Computation in Distributed Systems}},
    year = {1985},
    author = {Agha, G A},
    url = {http://www.dtic.mil/docs/citations/ADA157917},
    keywords = {*COMPUTER PROGRAMMING, *DISTRIBUTED DATA PROCESSING, COMPUTATIONS, CONTROL, DISTRIBUTION, MODELS, PROGRAMMING LANGUAGES, RESOURCES, SEMANTICS, SHARING, STRUCTURES, THESES}
}

@misc{Hewitt1973AIntelligence,
    title = {{A universal modular ACTOR formalism for artificial intelligence}},
    year = {1973},
    booktitle = {Proceedings of the 3rd international joint conference on Artificial intelligence},
    author = {Hewitt, Carl and Bishop, Peter and Steiger, Richard},
    pages = {235--245},
    publisher = {Morgan Kaufmann Publishers Inc.},
    url = {https://dl.acm.org/citation.cfm?id=1624804}
}

@inproceedings{Brewer2000TowardsSystems,
    title = {{Towards robust distributed systems}},
    year = {2000},
    booktitle = {PODC},
    author = {Brewer, Eric A},
    volume = {7}
}

@book{Vernon2015ReactiveAkka,
    title = {{Reactive Messaging Patterns with the Actor Model: Applications and Integration in Scala and Akka}},
    year = {2015},
    author = {Vernon, Vaughn},
    publisher = {Addison-Wesley Professional}
}

@book{Evans2004Domain-drivenSoftware,
    title = {{Domain-driven design : tackling complexity in the heart of software}},
    year = {2004},
    author = {Evans, Eric},
    pages = {529},
    publisher = {Addison-Wesley},
    url = {https://books.google.cz/books?hl=de&lr=&id=xColAAPGubgC&oi=fnd&pg=PR9&dq=domain+drivven+design&ots=qbTBhdPO9t&sig=U75j42L25CH4Nj_DIJmhn6M0Tc0&redir_esc=y#v=onepage&q=domain%20drivven%20design&f=false},
    isbn = {0321125215}
}

@book{Brown2016ReactiveAkka.net.,
    title = {{Reactive applications with akka.net.}},
    year = {2016},
    author = {Brown, Anthony.},
    publisher = {Manning Publications},
    url = {https://books.google.cz/books?id=yE_WjwEACAAJ&dq=Reactive+Applications+with+Akka.NET+bib&hl=en&sa=X&ved=0ahUKEwjV0ea5joDYAhVL_aQKHVRyD6MQ6AEIJzAA},
    isbn = {1617292982}
}

@book{bernhardt2016reactive,
  title={Reactive Web Applications: Covers Play, Akka, and Reactive Streams},
  author={Bernhardt, M.},
  isbn={9781633430099},
  lccn={2016288145},
  url={https://books.google.at/books?id=ZHsgjgEACAAJ},
  year={2016},
  publisher={Manning Publications Company}
}

@misc{Akka.netCommunityAkka.NETDocumentation,
    title = {{Akka.NET Documentation | Akka.NET Documentation}},
    author = {{Akka.net Community}},
    url = {http://getakka.net/}
}

@incollection{Agha1985ConcurrentParallelism,
    title = {{Concurrent programming using actors: Exploiting large-scale parallelism}},
    year = {1985},
    author = {Agha, Gul and Hewitt, Carl},
    month = {12},
    pages = {19--41},
    publisher = {Springer, Berlin, Heidelberg},
    url = {http://link.springer.com/10.1007/3-540-16042-6_2},
    doi = {10.1007/3-540-16042-6{\_}2}
}

@inproceedings{Hewitt1980TheSystems,
    title = {{The Apiary network architecture for knowledgeable systems}},
    year = {1980},
    booktitle = {Proceedings of the 1980 ACM conference on LISP and functional programming  - LFP '80},
    author = {Hewitt, Carl and {Carl}},
    pages = {107--117},
    publisher = {ACM Press},
    url = {http://portal.acm.org/citation.cfm?doid=800087.802796},
    address = {New York, New York, USA},
    doi = {10.1145/800087.802796}
}

@misc{reactiveManifesto,
  shorthand={Reactive},
  title={The reactive manifesto},
  author={Bon{\'e}r, Jonas and Farley, Dave and Kuhn, Roland and Thompson, Martin},
  year={2014},
  publisher={Sep}
}h

@book{kuhn2017reactive,
  title={Reactive design patterns},
  author={Kuhn, Roland and Hanafee, Brian and Allen, Jamie},
  year={2017},
  publisher={Manning Publications Company}
}

@book{sargent2016play,
  title={Play in Practice: Building a Reactive Web Application},
  author={Sargent, W.},
  isbn={9781491916087},
  url={https://books.google.at/books?id=YgDvsgEACAAJ},
  year={2016},
  publisher={O'Reilly UK Limited}
}

@article{betts2013CQRSEventSourcing,
  title={Exploring CQRS and Event Sourcing: A journey into high scalability, availability, and maintainability with Windows Azure},
  author={Betts, Dominic and Dominguez, Julian and Melnik, Grigori and Simonazzi, Fernando and Subramanian, Mani},
  year={2013},
  publisher={Microsoft patterns \& practices}
}

@book{gangOfFour1995design,
  title={Design patterns: elements of reusable object-oriented software},
  author={Gamma, Erich},
  year={1995},
  publisher={Pearson Education India}
}

@Book{CloudComputingPatterns2014,
  author    = "Fehling, Christoph and Leymann, Frank and Retter, Ralph and Schupeck, Walter and Arbitter, Peter",
  title     = "Cloud Computing Patterns: Fundamentals to Design, Build, and Manage Cloud Applications",
  publisher = "Springer",
  year      = "2014",
  doi       = "10.1007/978-3-7091-1568-8"
}

@misc{hughmckee_2017, title={Akka Message Delivery - At-Most-Once, At-Least-Once, and Exactly-Once - Part 1 At-Most-Once}, url={https://developer.lightbend.com/blog/2017-08-10-atotm-akka-messaging-part-1/index.html}, journal={Akka Message Delivery - At-Most-Once, At-Least-Once, and Exactly-Once - Part 1 At-Most-Once · Blog}, author={Hugh McKee}, year={2017}, month={Aug}}

@misc{messagedeliveryreliabilityakkadocumentation, title={Akka Documentation}, url={https://doc.akka.io/docs/akka/current/general/message-delivery-reliability.html}, journal={Message Delivery Reliability • Akka Documentation}, publisher={Akka Community}}

@book{tanenbaum2007distributed,
  title={Distributed systems: principles and paradigms},
  author={Tanenbaum, Andrew S and Van Steen, Maarten},
  year={2007},
  publisher={Prentice-Hall}
}

@article{iec1995open,
  title={Open distributed processing-reference model},
  author={IEC, ISO},
  journal={International Standard},
  volume={10746},
  year={1995}
}

@incollection{Schroeder:1993,
 author = {Schroeder, Michael D.},
 chapter = {A State-of-the-art Distributed System: Computing with BOB},
 title = {Distributed Systems (2Nd Ed.)},
 editor = {Mullender, Sape},
 year = {1993},
 isbn = {0-201-62427-3},
 pages = {1--16},
 numpages = {16},
 url = {http://dl.acm.org/citation.cfm?id=302430.302431},
 acmid = {302431},
 publisher = {ACM Press/Addison-Wesley Publishing Co.},
 address = {New York, NY, USA},
} 

@inproceedings{neuman1993proxy,
  title={Proxy-based authorization and accounting for distributed systems},
  author={Neuman, B Clifford},
  booktitle={Distributed Computing Systems, 1993., Proceedings the 13th International Conference on},
  pages={283--291},
  year={1993},
  organization={IEEE}
} 

@article{Neuman1993Scale,
  title={Scale in distributed systems},
  author={Neuman, B Clifford},
  journal={ISI, University of Southern California},
  year={1994}
}

@article{lamport1978time,
  title={Time, clocks, and the ordering of events in a distributed system},
  author={Lamport, Leslie},
  journal={Communications of the ACM},
  volume={21},
  number={7},
  pages={558--565},
  year={1978},
  publisher={ACM}
}

@article{deutsch1994eight,
  title={The eight fallacies of distributed computing},
  author={Deutsch, Peter},
  journal={URL: http://today. java. net/jag/Fallacies. html},
  year={1994}
}

@article{rotem2006fallacies,
  title={Fallacies of distributed computing explained},
  author={Rotem-Gal-Oz, Arnon},
  journal={URL http://www. rgoarchitects. com/Files/fallacies. pdf},
  volume={20},
  year={2006}
}

@ARTICLE{gilbertPerspectiveCAPTheorem2012, 
author={S. Gilbert and N. Lynch}, 
journal={Computer}, 
title={Perspectives on the CAP Theorem}, 
year={2012}, 
volume={45}, 
number={2}, 
pages={30-36}, 
keywords={theorem proving;CAP theorem;consistency-availability-partition tolerance theorem;system liveness;system safety;Computer crashes;Data processing;Distributed databases;Fault tolerance;Relational databases;Reliability;CAP theorem;Distributed computing;Fault tolerance}, 
doi={10.1109/MC.2011.389}, 
ISSN={0018-9162}, 
month={Feb},}

@article{rahm1993HochleistungsTransaktionssysteme,
  title={Hochleistungs-Transaktionssysteme},
  author={Rahm, Erhard},
  journal={Konzepte und Entwicklungen moderner Datenbankarchitekturen. Vieweg},
  year={1993},
  publisher={Springer}
}

@article{li2017research,
  title={Research and implementation of a distributed transaction processing middleware},
  author={Li, Jianjiang and Ge, Qian and Wu, Jie and Li, Yue and Yang, Xiaolei and Ma, Zhanning},
  journal={Future Generation Computer Systems},
  volume={74},
  pages={232--240},
  year={2017},
  publisher={Elsevier}
}

@article{haerder198Acid,
  title={
  },
  author={Haerder, Theo and Reuter, Andreas},
  journal={ACM Computing Surveys (CSUR)},
  volume={15},
  number={4},
  pages={287--317},
  year={1983},
  publisher={ACM}
}
@article{PritchettBASE,
 author = {Pritchett, Dan},
 title = {BASE: An Acid Alternative},
 journal = {Queue},
 issue_date = {May/June 2008},
 volume = {6},
 number = {3},
 month = may,
 year = {2008},
 issn = {1542-7730},
 pages = {48--55},
 numpages = {8},
 url = {http://doi.acm.org/10.1145/1394127.1394128},
 doi = {10.1145/1394127.1394128},
 acmid = {1394128},
 publisher = {ACM},
 address = {New York, NY, USA},
} 


@book{EdlichFriedlandHampeBrauer201010,
  added-at = {2011-01-13T10:02:03.000+0100},
  author = {Edlich, Stefan and Friedland, Achim and Hampe, Jens and Brauer, Benjamin},
  biburl = {https://www.bibsonomy.org/bibtex/2b295fbbefaa11adbc2f10e247cba25ab/stroeh},
  interhash = {918f916344d4c39d3831a967a283b0c4},
  intrahash = {b295fbbefaa11adbc2f10e247cba25ab},
  isbn = {9783446423558},
  keywords = {nosql web-2.0-datenbanken},
  month = {10},
  price = {EUR 29,90},
  publisher = {Hanser Fachbuchverlag},
  timestamp = {2011-01-13T10:02:03.000+0100},
  title = {NoSQL: Einstieg in die Welt nichtrelationaler Web 2.0 Datenbanken},
  totalpages = {304},
  url = {http://amazon.de/o/ASIN/3446423559/},
  year = 2010
}

@book{vernon2013implementing,
  title={Implementing domain-driven design},
  author={Vernon, Vaughn},
  year={2013},
  publisher={Addison-Wesley}
}

@article{cqrsYoung2010,
  title={Cqrs documents by greg young},
  author={Young, Greg},
  journal={Young},
  volume={56},
  year={2010}
}

@inproceedings{helland2007life,
  title={Life beyond Distributed Transactions: an Apostate's Opinion.},
  author={Helland, Pat},
  booktitle={CIDR},
  volume={2007},
  pages={132--141},
  year={2007}
}
