@article{HewittAIntelligence,
    title = {{A Universal Modular ACTOR Formalism for Artificial Intelligence}},
    author = {Hewitt, Carl and Bishop, Peter and Steiger, Richard}
}

@article{HewittAIntelligenceb,
    title = {{A Universal Modular ACTOR Formalism for Artificial Intelligence}},
    author = {Hewitt, Carl and Bishop, Peter and Steiger, Richard},
    url = {http://www.ijcai.org/Proceedings/73/Papers/027B.pdf}
}

@misc{Agha1985Actors:Systems.,
    title = {{Actors: A Model of Concurrent Computation in Distributed Systems.}},
    year = {1985},
    author = {Agha, G A},
    url = {http://www.dtic.mil/docs/citations/ADA157917},
    keywords = {*COMPUTER PROGRAMMING, *DISTRIBUTED DATA PROCESSING, COMPUTATIONS, CONTROL, DISTRIBUTION, MODELS, PROGRAMMING LANGUAGES, RESOURCES, SEMANTICS, SHARING, STRUCTURES, THESES}
}